@article{basu2007automatic,
  title={Automatic outlier detection for time series: an application to sensor data},
  author={Basu, Sabyasachi and Meckesheimer, Martin},
  journal={Knowledge and Information Systems},
  volume={11},
  pages={137--154},
  year={2007},
  publisher={Springer}
}

@inproceedings{pearson2002data,
  title={Data mining in face of contaminated and incomplete records},
  author={Pearson, Roald K},
  booktitle={Proc. of SIAM Intl. Conf. Data Mining},
  year={2002}
}